%% This BibTeX bibliography file was created using BibDesk.
%% http://bibdesk.sourceforge.net/


%% Created for Chi Trung Nguyen at 2012-06-10 18:03:40 +0200 


%% Saved with string encoding Unicode (UTF-8) 



@webpage{SourceC,
	Date-Added = {2012-06-10 15:51:13 +0000},
	Date-Modified = {2012-06-10 15:51:23 +0000},
	Lastchecked = {11.06.2012},
	Url = {http://www.aarongifford.com/computers/sha.html},
	Bdsk-Url-1 = {http://www.aarongifford.com/computers/sha.html}}

@webpage{OffSpec,
	Date-Added = {2012-06-10 15:49:00 +0000},
	Date-Modified = {2012-06-10 16:03:40 +0000},
	Keywords = {Implementierung SHA256 in C},
	Lastchecked = {12.06.2012},
	Url = {http://csrc.nist.gov/publications/fips/fips180-3/fips180-3_final.pdf},
	Year = {2003},
	Bdsk-Url-1 = {http://csrc.nist.gov/publications/fips/fips180-3/fips180-3_final.pdf}}

@webpage{Konst,
	Annote = {http://www.planet-source-code.com/vb/scripts/ShowCode.asp?txtCodeId=73500&lngWId=1},
	Author = {-},
	Date-Added = {2012-06-10 15:48:12 +0000},
	Date-Modified = {2012-06-10 15:50:05 +0000},
	Lastchecked = {12.06.2012},
	Title = {Erkl{\"a}rung und Berechnung der benutzten Konstanten},
	Url = {http://www.planet-source-code.com/vb/scripts/ShowCode.asp?txtCodeId=73500&lngWId=1},
	Urldate = {12.06.2012},
	Bdsk-Url-1 = {http://www.planet-source-code.com/vb/scripts/ShowCode.asp?txtCodeId=73500&lngWId=1}}

@webpage{Patent,
	Annote = {http://www.patent-de.com/20100107/DE102008030421A1.html



genereller Ablauf des Algorithmus(SHA2)},
	Author = {-},
	Date-Added = {2012-06-10 15:45:43 +0000},
	Date-Modified = {2012-06-10 15:50:38 +0000},
	Lastchecked = {11.06.2012},
	Title = {genereller Ablauf des Algorithmus(SHA2)},
	Url = {http://www.patent-de.com/20100107/DE102008030421A1.html},
	Urldate = {11.06.2012},
	Bdsk-Url-1 = {http://www.patent-de.com/20100107/DE102008030421A1.html}}

@book{mcdysan,
	Address = {New York},
	Author = {David E. McDysan and Darren L. Spohn},
	Publisher = {McGraw-Hill},
	Title = {ATM: Theory and Application},
	Year = 1995}

@inbook{sloman,
	Author = {David Hutchison and Geoff Coulson and Andrew Campbell and Gordon S. Blair},
	Booktitle = {Network and Distributed Systems Management},
	Chapter = 11,
	Note = {Editor: Morris Sloman},
	Pages = {273--302},
	Publisher = {Addison Wesley},
	Title = {Quality of Service Management in Distributed Systems},
	Year = 1994}

@techreport{techrep1,
	Editor = {The {ATM} Forum},
	Institution = {The {E}uropean {M}arket {A}wareness {C}ommittee},
	Month = may,
	Title = {{ATM} Service Categories: The Benefits to the User},
	Type = {{W}hite {P}aper},
	Year = 1996}

@misc{qosr,
	Author = {E. Crawley and R. Nair and B. Rajagopalan and H. Sandick},
	Howpublished = {RFC 2386 (Informational)},
	Month = aug,
	Organization = {IETF},
	Title = {A Framework for QoS-based Routing in the Internet},
	Year = 1998}

@article{JSAC96,
	Author = {Gerold Blakowski and Ralf Steinmetz},
	Journal = {IEEE Journal on Selected Areas in Communication},
	Month = jan,
	Number = 1,
	Pages = {5--35},
	Title = {A Media Synchronization Survey: Reference Model, Specification, and Case Studies},
	Volume = 14,
	Year = 1996}

@manual{TB98,
	Author = {Fred Stenz and Willi Weich and Dieter Drollig and Kurt Klein and Guenter Ganz},
	Title = {Technische Beschreibung f"ur System 4711},
	Year = 1998}

@manual{TB2000,
	Author = {Fred Stenz and others},
	Title = {Technische Beschreibung f"ur System 0815},
	Year = 1998}

@proceedings{stenz85:_about_time,
	Editor = {Fred Stenz and Willi Weich and Dieter Drollig},
	Title = {About Time},
	Year = 1985}
